@Misc{mayer20,
    title = {ruODK: Client for the ODK Central API},
    author = {Florian W. Mayer},
    note = {R package version X.X.X},
    year = {2020},
    url = {https://github.com/ropensci/ruODK}
}